<?xml version="1.0" encoding="UTF-8"?>
<record xmlns="http://www.loc.gov/MARC21/slim" xmlns:xsi="http://www.w3.org/2001/XMLSchema-instance" xsi:schemaLocation="http://www.loc.gov/MARC21/slim http://www.loc.gov/standards/marcxml/schema/MARC21slim.xsd">
<leader>     nam a22002290  4500</leader>
<controlfield tag="001">002739439</controlfield>
<controlfield tag="003">NNU</controlfield>
<controlfield tag="005">19940713181853.0</controlfield>
<controlfield tag="008">860129s1939    ua            000 0 ara d</controlfield>
<datafield tag="035" ind1="9" ind2=" ">
<subfield code="a">NYUb10438151</subfield>
</datafield>
<datafield tag="035" ind1=" " ind2=" ">
<subfield code="a">GLIS004381513</subfield>
</datafield>
<datafield tag="035" ind1=" " ind2=" ">
<subfield code="a">(CStRLIN)NYUG86-B3054</subfield>
</datafield>
<datafield tag="040" ind1=" " ind2=" ">
<subfield code="a">NjP</subfield>
<subfield code="c">NjP</subfield>
</datafield>
<datafield tag="090" ind1=" " ind2=" ">
<subfield code="i">01/29/86 CT</subfield>
</datafield>
<datafield tag="100" ind1="0" ind2=" ">
<subfield code="a">Suyūṭī,</subfield>
<subfield code="d">1445-1505.</subfield>
</datafield>
<datafield tag="245" ind1="1" ind2="0">
<subfield code="a">Sharḥ ʻuqūd al-jumān fī ʻilm al-maʻānī wa-al-bayān /</subfield>
<subfield code="b">taʼlīf Jalāl al-Dīn ʻAbd al-Raḥmān al-Suyūṭī. Wa-bi-hāmishihi Ḥilyat al-lubb al-maṣūn ʻalá al-Jawhar al-maknūn /</subfield>
<subfield code="c">li-Aḥmad al-Damanhūrī.</subfield>
</datafield>
<datafield tag="260" ind1=" " ind2=" ">
<subfield code="a">Miṣr :</subfield>
<subfield code="b">Maṫbaʻat Muṣṭafá al-Bābī al-Ḥalabī wa-awladih,</subfield>
<subfield code="c">1939.</subfield>
</datafield>
<datafield tag="300" ind1=" " ind2=" ">
<subfield code="a">180 p. ;</subfield>
<subfield code="c">29 cm.</subfield>
</datafield>
<datafield tag="600" ind1="1" ind2="0">
<subfield code="a">Akhḍarī, ʻAbd al-Raḥmān ibn Muḥammad,</subfield>
<subfield code="d">1512 or 13-1575 or 6.</subfield>
<subfield code="t">Jawhar al-maknūn.</subfield>
</datafield>
<datafield tag="650" ind1=" " ind2="0">
<subfield code="a">Rhetoric, Medieval</subfield>
<subfield code="v">Early works to 1800.</subfield>
</datafield>
<datafield tag="700" ind1="1" ind2="2">
<subfield code="a">Damanhūrī, Aḥmad ibn ʻAbd al-Munʻim</subfield>
<subfield code="t">Hilyat al-lubb al-maṣūn.</subfield>
<subfield code="f">1939.</subfield>
</datafield>
<datafield tag="OWN" ind1=" " ind2=" ">
<subfield code="a">GENERAL</subfield>
</datafield>
<datafield tag="950" ind1=" " ind2=" ">
<subfield code="l">BMAIN</subfield>
<subfield code="a">PJ6161</subfield>
<subfield code="b">.A353 1939</subfield>
<subfield code="i">01/29/86 C</subfield>
</datafield>
<datafield tag="955" ind1=" " ind2=" ">
<subfield code="l">BMAIN</subfield>
<subfield code="c">1</subfield>
<subfield code="r">011634758</subfield>
<subfield code="i">01/29/86 C</subfield>
</datafield>
<datafield tag="AVA" ind1=" " ind2=" ">
<subfield code="a">NYU50</subfield>
<subfield code="b">BOBST</subfield>
<subfield code="c">Main Collection</subfield>
<subfield code="d">PJ6161 .A353 1939</subfield>
<subfield code="e">unavailable</subfield>
<subfield code="t">Unavailable</subfield>
<subfield code="f">1</subfield>
<subfield code="g">1</subfield>
<subfield code="h">N</subfield>
<subfield code="i">0</subfield>
<subfield code="j">MAIN</subfield>
</datafield>
</record>
